@article{classifOfIndec,
   author = {I. M. Gel'Fand and V. A. Ponomarev},
   title = {Classification of Indecomposable Infinitesimal Representations of the Lorentz Group},
   year = {1967},
   translator = {Jack Ceder},
   journal = {Dok1. Akad. Nauk SSSR},
   volume = {8},
   number = {5}
}

@article{catOfHarChaMod,
   author = {I. M. Gel'Fand and V. A. Ponomarev},
   title = {The Category of Harish-Chandra Modules over the Lie Algebra of the Lorentz Group},
   year = {1967},
   translator = {A. M. Scott},
   journal = {Dok1. Akad. Nauk SSSR},
   volume = {8},
   number = {5}
}

@book{indecompReprOfLorGr,
   author = {I. M. Gel'Fand and V. A. Ponomarev},
   title = {Indecomposable Representations of the Lorentz Group},
   year = {1967},
   translator = {B. Hartley},
}

@book{humphrey,
   author = {James E. Humphreys},
   title = {Introduction to Lie Algebras and Representation Theory},
   publisher = {Springer},
   year = {1972},
   isbn = {978-0-387-90053-7},
   edition = {1},
   volume = {9}
}